<record>
  <leader>01386nem a2200289 a 4500</leader>
  <controlfield tag="001">991000096299702696</controlfield>
  <controlfield tag="005">20171105122209.0</controlfield>
  <controlfield tag="008">051118s1946    xxk       b   r 1   eng c</controlfield>
  <datafield tag="035" ind1=" " ind2=" ">
    <subfield code="a">(IL-JeALB)10230-972ai_inst</subfield>
  </datafield>
  <datafield tag="035" ind1=" " ind2=" ">
    <subfield code="a">10230</subfield>
    <subfield code="9">ExL</subfield>
  </datafield>
  <datafield tag="035" ind1=" " ind2=" ">
    <subfield code="a">map00000005</subfield>
  </datafield>
  <datafield tag="110" ind1="1" ind2=" ">
    <subfield code="a">British Army Royal Engineers</subfield>
  </datafield>
  <datafield tag="245" ind1="1" ind2="0">
    <subfield code="a">Palestine 1:100,000 [1946-1947]</subfield>
    <subfield code="h">[map]</subfield>
  </datafield>
  <datafield tag="250" ind1=" " ind2=" ">
    <subfield code="a">First Edition-Second Edition.</subfield>
  </datafield>
  <datafield tag="255" ind1=" " ind2=" ">
    <subfield code="a">Scale 1:100,000.</subfield>
  </datafield>
  <datafield tag="260" ind1=" " ind2=" ">
    <subfield code="b">Survey of Palestine,</subfield>
    <subfield code="c">1946-1947.</subfield>
  </datafield>
  <datafield tag="300" ind1=" " ind2=" ">
    <subfield code="a">1 map on 8 (of 12) sheets ;</subfield>
    <subfield code="c">42 x 42 cm. and 42 x 47 cm., on 8 sheets 76 x 53 cm. or smaller.</subfield>
  </datafield>
  <datafield tag="505" ind1="0" ind2=" ">
    <subfield code="a">Sheets: 2. Haifa -- 3. Safed -- 4. Zikhron Ya'aqov -- 6. Jaffa Tel Aviv -- 8. Yibna -- 10. Jerusalem -- 11. Gaza -- 12. Hebron.</subfield>
  </datafield>
  <datafield tag="506" ind1=" " ind2=" ">
    <subfield code="a">May require conservation work before use.</subfield>
  </datafield>
  <datafield tag="511" ind1="0" ind2=" ">
    <subfield code="a">Royal Engineers, 512 Fd. Survey Company, printer</subfield>
  </datafield>
  <datafield tag="595" ind1=" " ind2=" ">
    <subfield code="a">Sheet sizes: Sheet 2, 76 x 51 cm. Sheet 3, 62 x 49 cm. Sheet 4, 56 x 49 cm. Sheet 6, 63 x 51 cm. Sheet 8, 69 x 53 cm. Sheet 10, 60 x 49 cm. Sheet 11, 69 x 51 cm. Sheet 12, 69 x 53 cm.</subfield>
  </datafield>
  <datafield tag="651" ind1=" " ind2="0">
    <subfield code="a">Asia</subfield>
    <subfield code="z">Middle East</subfield>
    <subfield code="z">Palestine</subfield>
    <subfield code="v">Maps</subfield>
  </datafield>
  <datafield tag="710" ind1="1" ind2=" ">
    <subfield code="b">Survey of Palestine</subfield>
    <subfield code="e">, compiler</subfield>
  </datafield>
  <datafield tag="913" ind1=" " ind2=" ">
    <subfield code="1">14</subfield>
    <subfield code="2">Printer</subfield>
    <subfield code="3">Publisher</subfield>
    <subfield code="5">Uncertain</subfield>
    <subfield code="6">Full</subfield>
  </datafield>
  <datafield tag="949" ind1=" " ind2=" ">
    <subfield code="a">MAPS 22-46-2,-3,-4,-6,-8,-10,-11,-12</subfield>
  </datafield>
  <datafield tag="951" ind1=" " ind2=" ">
    <subfield code="a">91 (sh. 2); 90 (sh. 3); 89 (sh. 4); 88 (sh. 6); 87 (sh. 8); 86 (sh. 10); 85 (sh. 11); 640 (sh. 12).</subfield>
  </datafield>
  <datafield tag="999" ind1=" " ind2=" ">
    <subfield code="a">MAP</subfield>
  </datafield>
</record>
